@article{Southworth23,
      title={Re-parameterisation of four limb darkening laws and their implementation into the JKTEBOP code}, 
      author={John Southworth},
      year={2023},
      eprint={2301.02531},
      archivePrefix={arXiv},
      primaryClass={astro-ph.SR},
      url={https://arxiv.org/abs/2301.02531}, 
}

@article{Soydugan06,
    author = {Soydugan, E. and Soydugan, F. and Demircan, O. and \.{I}bano\u{g}lu, C.},
    title = {A catalogue of close binaries located in the $\delta$ Scuti region of the Cepheid instability strip},
    journal = {Monthly Notices of the Royal Astronomical Society},
    volume = {370},
    number = {4},
    pages = {2013-2024},
    year = {2006},
    month = {08},
    issn = {0035-8711},
    url = {https://doi.org/10.1111/j.1365-2966.2006.10628.x},
    doi = {10.1111/j.1365-2966.2006.10628.x}   
}

@article{IJspeert21,
	author = {{IJspeert, L. W.} and {Tkachenko, A.} and {Johnston, C.} and {Garcia, S.} and {De Ridder, J.} and {Van Reeth, T.} and {Aerts, C.}},
	title = {An all-sky sample of intermediate- to high-mass OBA-type eclipsing binaries observed by TESS⋆},
	url= {https://doi.org/10.1051/0004-6361/202141489},
	journal = {A\&A},
	year = 2021,
	volume = 652,
	pages = "A120",
}

@article{Cantat18,
	author = {{Cantat-Gaudin, T.} and {Vallenari, A.} and {Sordo, R.} and {Pensabene, F.} and {Krone-Martins, A.} and {Moitinho, A.} and {Jordi, C.} and {Casamiquela, L.} and {Balaguer-Núnez, L.} and {Soubiran, C.} and {Brouillet, N.}},
	title = {Characterising open clusters in the solar neighbourhood with the Tycho-Gaia Astrometric Solution},
	url= {https://doi.org/10.1051/0004-6361/201731251},
	journal = {A\&A},
	year = 2018,
	volume = 615,
	pages = "A49",
}

@article{Dubath11,
    author = {Dubath, P. and Rimoldini, L. and Süveges, M. and Blomme, J. and López, M. and Sarro, L. M. and De Ridder, J. and Cuypers, J. and Guy, L. and Lecoeur, I. and Nienartowicz, K. and Jan, A. and Beck, M. and Mowlavi, N. and De Cat, P. and Lebzelter, T. and Eyer, L.},
    title = {Random forest automated supervised classification of Hipparcos periodic variable stars},
    journal = {Monthly Notices of the Royal Astronomical Society},
    volume = {414},
    number = {3},
    pages = {2602-2617},
    year = {2011},
    month = {06},
    issn = {0035-8711},
    url = {https://doi.org/10.1111/j.1365-2966.2011.18575.x},
}

@article{Prsa22,
doi = {10.3847/1538-4365/ac324a},
year = {2022},
month = {jan},
publisher = {The American Astronomical Society},
volume = {258},
number = {1},
pages = {16},
author = {Pr\v{s}a, Andrej and Kochoska, Angela and Conroy, Kyle E. and Eisner, Nora and Hey, Daniel R. and IJspeert, Luc and Kruse, Ethan and Fleming, Scott W. and Johnston, Cole and Kristiansen, Martti H. and LaCourse, Daryll and Mortensen, Danielle and Pepper, Joshua and Stassun, Keivan G. and Torres, Guillermo and Abdul-Masih, Michael and Chakraborty, Joheen and Gagliano, Robert and Guo, Zhao and Hambleton, Kelly and Hong, Kyeongsoo and Jacobs, Thomas and Jones, David and Kostov, Veselin and Lee, Jae Woo and Omohundro, Mark and Orosz, Jerome A. and Page, Emma J. and Powell, Brian P. and Rappaport, Saul and Reed, Phill and Schnittman, Jeremy and Schwengeler, Hans Martin and Shporer, Avi and Terentev, Ivan A. and Vanderburg, Andrew and Welsh, William F. and Caldwell, Douglas A. and Doty, John P. and Jenkins, Jon M. and Latham, David W. and Ricker, George R. and Seager, Sara and Schlieder, Joshua E. and Shiao, Bernie and Vanderspek, Roland and Winn, Joshua N.},
title = {TESS Eclipsing Binary Stars. I. Short-cadence Observations of 4584 Eclipsing Binaries in Sectors 1–26},
journal = {The Astrophysical Journal Supplement Series},
}

@article{Justesen21,
url = {https://dx.doi.org/10.3847/1538-4357/abefcd},
doi = {10.3847/1538-4357/abefcd},
year = {2021},
month = {may},
publisher = {The American Astronomical Society},
volume = {912},
number = {2},
pages = {123},
author = {Justesen, Anders B. and Albrecht, Simon},
title = {Temperature and Distance Dependence of Tidal Circularization in Close Binaries: A Catalog of Eclipsing Binaries in the Southern Hemisphere Observed by the TESS Satellite},
journal = {The Astrophysical Journal},
}


@misc{Lightkurve18,
	adsurl = {http://adsabs.harvard.edu/abs/2018ascl.soft12013L},
	archiveprefix = {ascl},
	author = {{Lightkurve Collaboration} and {Cardoso}, J.~V.~d.~M. and {Hedges}, C. and {Gully-Santiago}, M. and {Saunders}, N. and {Cody}, A.~M. and {Barclay}, T. and {Hall}, O. and {Sagear}, S. and {Turtelboom}, E. and {Zhang}, J. and {Tzanidakis}, A. and {Mighell}, K. and {Coughlin}, J. and {Bell}, K. and {Berta-Thompson}, Z. and {Williams}, P. and {Dotson}, J. and {Barentsen}, G.},
	eprint = {1812.013},
	howpublished = {Astrophysics Source Code Library},
	keywords = {Software, NASA},
	month = dec,
	title = {{Lightkurve: Kepler and TESS time series analysis in Python}},
	year = 2018
}


@article{Southworth13,
	author = {Southworth, J.},
	date-added = {2025-02-11 15:04:26 +0000},
	date-modified = {2025-02-11 15:04:43 +0000},
	doi = {10.1051/0004-6361/201322195},
	journal = {A\&A},
	pages = {A119},
	title = {The solar-type eclipsing binary system LL Aquarii},
	url = {https://doi.org/10.1051/0004-6361/201322195},
	volume = 557,
	year = 2013,
	bdsk-url-1 = {https://doi.org/10.1051/0004-6361/201322195}
}

@article{Astropy13,
Adsnote = {Provided by the SAO/NASA Astrophysics Data System},
Adsurl = {http://adsabs.harvard.edu/abs/2013A%26A...558A..33A},
Archiveprefix = {arXiv},
Author = {{Astropy Collaboration} and {Robitaille}, T.~P. and {Tollerud}, E.~J. and {Greenfield}, P. and {Droettboom}, M. and {Bray}, E. and {Aldcroft}, T. and {Davis}, M. and {Ginsburg}, A. and {Price-Whelan}, A.~M. and {Kerzendorf}, W.~E. and {Conley}, A. and {Crighton}, N. and {Barbary}, K. and {Muna}, D. and {Ferguson}, H. and {Grollier}, F. and {Parikh}, M.~M. and {Nair}, P.~H. and {Unther}, H.~M. and {Deil}, C. and {Woillez}, J. and {Conseil}, S. and {Kramer}, R. and {Turner}, J.~E.~H. and {Singer}, L. and {Fox}, R. and {Weaver}, B.~A. and {Zabalza}, V. and {Edwards}, Z.~I. and {Azalee Bostroem}, K. and {Burke}, D.~J. and {Casey}, A.~R. and {Crawford}, S.~M. and {Dencheva}, N. and {Ely}, J. and {Jenness}, T. and {Labrie}, K. and {Lim}, P.~L. and {Pierfederici}, F. and {Pontzen}, A. and {Ptak}, A. and {Refsdal}, B. and {Servillat}, M. and {Streicher}, O.},
Doi = {10.1051/0004-6361/201322068},
Eid = {A33},
Eprint = {1307.6212},
Journal = {\aap},
Keywords = {methods: data analysis, methods: miscellaneous, virtual observatory tools},
Month = oct,
Pages = {A33},
Primaryclass = {astro-ph.IM},
Title = {{Astropy: A community Python package for astronomy}},
Volume = 558,
Year = 2013,
Bdsk-Url-1 = {https://dx.doi.org/10.1051/0004-6361/201322068}}

@ARTICLE{Astropy18,
       author = {{Astropy Collaboration} and {Price-Whelan}, A.~M. and
         {Sip{\H{o}}cz}, B.~M. and {G{\"u}nther}, H.~M. and {Lim}, P.~L. and
         {Crawford}, S.~M. and {Conseil}, S. and {Shupe}, D.~L. and
         {Craig}, M.~W. and {Dencheva}, N. and {Ginsburg}, A. and {Vand
        erPlas}, J.~T. and {Bradley}, L.~D. and {P{\'e}rez-Su{\'a}rez}, D. and
         {de Val-Borro}, M. and {Aldcroft}, T.~L. and {Cruz}, K.~L. and
         {Robitaille}, T.~P. and {Tollerud}, E.~J. and {Ardelean}, C. and
         {Babej}, T. and {Bach}, Y.~P. and {Bachetti}, M. and {Bakanov}, A.~V. and
         {Bamford}, S.~P. and {Barentsen}, G. and {Barmby}, P. and
         {Baumbach}, A. and {Berry}, K.~L. and {Biscani}, F. and {Boquien}, M. and
         {Bostroem}, K.~A. and {Bouma}, L.~G. and {Brammer}, G.~B. and
         {Bray}, E.~M. and {Breytenbach}, H. and {Buddelmeijer}, H. and
         {Burke}, D.~J. and {Calderone}, G. and {Cano Rodr{\'\i}guez}, J.~L. and
         {Cara}, M. and {Cardoso}, J.~V.~M. and {Cheedella}, S. and {Copin}, Y. and
         {Corrales}, L. and {Crichton}, D. and {D'Avella}, D. and {Deil}, C. and
         {Depagne}, {\'E}. and {Dietrich}, J.~P. and {Donath}, A. and
         {Droettboom}, M. and {Earl}, N. and {Erben}, T. and {Fabbro}, S. and
         {Ferreira}, L.~A. and {Finethy}, T. and {Fox}, R.~T. and
         {Garrison}, L.~H. and {Gibbons}, S.~L.~J. and {Goldstein}, D.~A. and
         {Gommers}, R. and {Greco}, J.~P. and {Greenfield}, P. and
         {Groener}, A.~M. and {Grollier}, F. and {Hagen}, A. and {Hirst}, P. and
         {Homeier}, D. and {Horton}, A.~J. and {Hosseinzadeh}, G. and {Hu}, L. and
         {Hunkeler}, J.~S. and {Ivezi{\'c}}, {\v{Z}}. and {Jain}, A. and
         {Jenness}, T. and {Kanarek}, G. and {Kendrew}, S. and {Kern}, N.~S. and
         {Kerzendorf}, W.~E. and {Khvalko}, A. and {King}, J. and {Kirkby}, D. and
         {Kulkarni}, A.~M. and {Kumar}, A. and {Lee}, A. and {Lenz}, D. and
         {Littlefair}, S.~P. and {Ma}, Z. and {Macleod}, D.~M. and
         {Mastropietro}, M. and {McCully}, C. and {Montagnac}, S. and
         {Morris}, B.~M. and {Mueller}, M. and {Mumford}, S.~J. and {Muna}, D. and
         {Murphy}, N.~A. and {Nelson}, S. and {Nguyen}, G.~H. and
         {Ninan}, J.~P. and {N{\"o}the}, M. and {Ogaz}, S. and {Oh}, S. and
         {Parejko}, J.~K. and {Parley}, N. and {Pascual}, S. and {Patil}, R. and
         {Patil}, A.~A. and {Plunkett}, A.~L. and {Prochaska}, J.~X. and
         {Rastogi}, T. and {Reddy Janga}, V. and {Sabater}, J. and
         {Sakurikar}, P. and {Seifert}, M. and {Sherbert}, L.~E. and
         {Sherwood-Taylor}, H. and {Shih}, A.~Y. and {Sick}, J. and
         {Silbiger}, M.~T. and {Singanamalla}, S. and {Singer}, L.~P. and
         {Sladen}, P.~H. and {Sooley}, K.~A. and {Sornarajah}, S. and
         {Streicher}, O. and {Teuben}, P. and {Thomas}, S.~W. and
         {Tremblay}, G.~R. and {Turner}, J.~E.~H. and {Terr{\'o}n}, V. and
         {van Kerkwijk}, M.~H. and {de la Vega}, A. and {Watkins}, L.~L. and
         {Weaver}, B.~A. and {Whitmore}, J.~B. and {Woillez}, J. and
         {Zabalza}, V. and {Astropy Contributors}},
        title = "{The Astropy Project: Building an Open-science Project and Status of the v2.0 Core Package}",
      journal = {\aj},
     keywords = {methods: data analysis, methods: miscellaneous, methods: statistical, reference systems, Astrophysics - Instrumentation and Methods for Astrophysics},
         year = 2018,
        month = sep,
       volume = {156},
       number = {3},
          eid = {123},
        pages = {123},
          doi = {10.3847/1538-3881/aabc4f},
archivePrefix = {arXiv},
       eprint = {1801.02634},
 primaryClass = {astro-ph.IM},
       adsurl = {https://ui.adsabs.harvard.edu/abs/2018AJ....156..123A},
      adsnote = {Provided by the SAO/NASA Astrophysics Data System}
}

@ARTICLE{Astropy20,
       author = {{Astropy Collaboration} and {Price-Whelan}, Adrian M. and {Lim}, Pey Lian and {Earl}, Nicholas and {Starkman}, Nathaniel and {Bradley}, Larry and {Shupe}, David L. and {Patil}, Aarya A. and {Corrales}, Lia and {Brasseur}, C.~E. and {N{"o}the}, Maximilian and {Donath}, Axel and {Tollerud}, Erik and {Morris}, Brett M. and {Ginsburg}, Adam and {Vaher}, Eero and {Weaver}, Benjamin A. and {Tocknell}, James and {Jamieson}, William and {van Kerkwijk}, Marten H. and {Robitaille}, Thomas P. and {Merry}, Bruce and {Bachetti}, Matteo and {G{"u}nther}, H. Moritz and {Aldcroft}, Thomas L. and {Alvarado-Montes}, Jaime A. and {Archibald}, Anne M. and {B{'o}di}, Attila and {Bapat}, Shreyas and {Barentsen}, Geert and {Baz{'a}n}, Juanjo and {Biswas}, Manish and {Boquien}, M{'e}d{'e}ric and {Burke}, D.~J. and {Cara}, Daria and {Cara}, Mihai and {Conroy}, Kyle E. and {Conseil}, Simon and {Craig}, Matthew W. and {Cross}, Robert M. and {Cruz}, Kelle L. and {D'Eugenio}, Francesco and {Dencheva}, Nadia and {Devillepoix}, Hadrien A.~R. and {Dietrich}, J{"o}rg P. and {Eigenbrot}, Arthur Davis and {Erben}, Thomas and {Ferreira}, Leonardo and {Foreman-Mackey}, Daniel and {Fox}, Ryan and {Freij}, Nabil and {Garg}, Suyog and {Geda}, Robel and {Glattly}, Lauren and {Gondhalekar}, Yash and {Gordon}, Karl D. and {Grant}, David and {Greenfield}, Perry and {Groener}, Austen M. and {Guest}, Steve and {Gurovich}, Sebastian and {Handberg}, Rasmus and {Hart}, Akeem and {Hatfield-Dodds}, Zac and {Homeier}, Derek and {Hosseinzadeh}, Griffin and {Jenness}, Tim and {Jones}, Craig K. and {Joseph}, Prajwel and {Kalmbach}, J. Bryce and {Karamehmetoglu}, Emir and {Ka{l}uszy{'n}ski}, Miko{l}aj and {Kelley}, Michael S.~P. and {Kern}, Nicholas and {Kerzendorf}, Wolfgang E. and {Koch}, Eric W. and {Kulumani}, Shankar and {Lee}, Antony and {Ly}, Chun and {Ma}, Zhiyuan and {MacBride}, Conor and {Maljaars}, Jakob M. and {Muna}, Demitri and {Murphy}, N.~A. and {Norman}, Henrik and {O'Steen}, Richard and {Oman}, Kyle A. and {Pacifici}, Camilla and {Pascual}, Sergio and {Pascual-Granado}, J. and {Patil}, Rohit R. and {Perren}, Gabriel I. and {Pickering}, Timothy E. and {Rastogi}, Tanuj and {Roulston}, Benjamin R. and {Ryan}, Daniel F. and {Rykoff}, Eli S. and {Sabater}, Jose and {Sakurikar}, Parikshit and {Salgado}, Jes{'u}s and {Sanghi}, Aniket and {Saunders}, Nicholas and {Savchenko}, Volodymyr and {Schwardt}, Ludwig and {Seifert-Eckert}, Michael and {Shih}, Albert Y. and {Jain}, Anany Shrey and {Shukla}, Gyanendra and {Sick}, Jonathan and {Simpson}, Chris and {Singanamalla}, Sudheesh and {Singer}, Leo P. and {Singhal}, Jaladh and {Sinha}, Manodeep and {Sip{H{o}}cz}, Brigitta M. and {Spitler}, Lee R. and {Stansby}, David and {Streicher}, Ole and {{{S}}umak}, Jani and {Swinbank}, John D. and {Taranu}, Dan S. and {Tewary}, Nikita and {Tremblay}, Grant R. and {Val-Borro}, Miguel de and {Van Kooten}, Samuel J. and {Vasovi{'c}}, Zlatan and {Verma}, Shresth and {de Miranda Cardoso}, Jos{'e} Vin{'i}cius and {Williams}, Peter K.~G. and {Wilson}, Tom J. and {Winkel}, Benjamin and {Wood-Vasey}, W.~M. and {Xue}, Rui and {Yoachim}, Peter and {Zhang}, Chen and {Zonca}, Andrea and {Astropy Project Contributors}},
        title = "{The Astropy Project: Sustaining and Growing a Community-oriented Open-source Project and the Latest Major Release (v5.0) of the Core Package}",
      journal = {\apj},
     keywords = {Astronomy software, Open source software, Astronomy data analysis, 1855, 1866, 1858, Astrophysics - Instrumentation and Methods for Astrophysics},
         year = 2022,
        month = aug,
       volume = {935},
       number = {2},
          eid = {167},
        pages = {167},
          doi = {10.3847/1538-4357/ac7c74},
archivePrefix = {arXiv},
       eprint = {2206.14220},
 primaryClass = {astro-ph.IM},
       adsurl = {https://ui.adsabs.harvard.edu/abs/2022ApJ...935..167A},
      adsnote = {Provided by the SAO/NASA Astrophysics Data System}
}


@misc{Rauer24,
      title={The PLATO Mission}, 
      author={Heike Rauer and Conny Aerts and Juan Cabrera and Magali Deleuil and Anders Erikson and Laurent Gizon and Mariejo Goupil and Ana Heras and Jose Lorenzo-Alvarez and Filippo Marliani and César Martin-Garcia and J. Miguel Mas-Hesse and Laurence O'Rourke and Hugh Osborn and Isabella Pagano and Giampaolo Piotto and Don Pollacco and Roberto Ragazzoni and Gavin Ramsay and Stéphane Udry and Thierry Appourchaux and Willy Benz and Alexis Brandeker and Manuel Güdel and Eduardo Janot-Pacheco and Petr Kabath and Hans Kjeldsen and Michiel Min and Nuno Santos and Alan Smith and Juan-Carlos Suarez and Stephanie C. Werner and Alessio Aboudan and Manuel Abreu and Lorena Acu a and Moritz Adams and Vardan Adibekyan and Laura Affer and François Agneray and Craig Agnor and Victor Aguirre Børsen-Koch and Saad Ahmed and Suzanne Aigrain and Ashraf Al-Bahlawan and M de los Angeles Alcacera Gil and Eleonora Alei and Silvia Alencar and Richard Alexander and Julia Alfonso-Garzón and Yann Alibert and Carlos Allende Prieto and Leonardo Almeida and Roi Alonso Sobrino and Giuseppe Altavilla and Christian Althaus and Luis Alonso Alvarez Trujillo and Anish Amarsi and Matthias Ammler-von Eiff and Eduardo Amôres and Laerte Andrade and Alexandros Antoniadis-Karnavas and Carlos António and Beatriz Aparicio del Moral and Matteo Appolloni and Claudio Arena and David Armstrong and Jose Aroca Aliaga and Martin Asplund and Jeroen Audenaert and Natalia Auricchio and Pedro Avelino and Ann Baeke and Kevin Baillié and Ana Balado and Pau Ballber Balagueró and Andrea Balestra and Warrick Ball and Herve Ballans and Jerome Ballot and Caroline Barban and Gaële Barbary and Mauro Barbieri and Sebasti Barceló Forteza and Adrian Barker and Paul Barklem and Sydney Barnes and David Barrado Navascues and Oscar Barragan and Clément Baruteau and Sarbani Basu and Frederic Baudin and Philipp Baumeister and Daniel Bayliss and Michael Bazot and Paul G. Beck and Tim Bedding and Kevin Belkacem and Earl Bellinger and Serena Benatti and Othman Benomar and Diane Bérard and Maria Bergemann and Maria Bergomi and Pierre Bernardo and Katia Biazzo and Andrea Bignamini and Lionel Bigot and Nicolas Billot and Martin Binet and David Biondi and Federico Biondi and Aaron C. Birch and Bertram Bitsch and Paz Victoria Bluhm Ceballos and Attila Bódi and Zsófia Bognár and Isabelle Boisse and Emeline Bolmont and Alfio Bonanno and Mariangela Bonavita and Andrea Bonfanti and Xavier Bonfils and Rosaria Bonito and Aldo Stefano Bonomo and Anko Börner and Sudeshna Boro Saikia and Elisa Borreguero Martín and Francesco Borsa and Luca Borsato and Diego Bossini and Francois Bouchy and Gwenaël Boué and Rodrigo Boufleur and Patrick Boumier and Vincent Bourrier and Dominic M. Bowman and Enrico Bozzo and Louisa Bradley and John Bray and Alessandro Bressan and Sylvain Breton and Daniele Brienza and Ana Brito and Matteo Brogi and Beverly Brown and David J. A. Brown and Allan Sacha Brun and Giovanni Bruno and Michael Bruns and Lars A. Buchhave and Lisa Bugnet and Gaël Buldgen and Patrick Burgess and Andrea Busatta and Giorgia Busso and Derek Buzasi and José A. Caballero and Alexandre Cabral and Juan-Francisco Cabrero Gomez and Flavia Calderone and Robert Cameron and Andrew Cameron and Tiago Campante and Néstor Campos Gestal and Bruno Leonardo Canto Martins and Christophe Cara and Ludmila Carone and Josep Manel Carrasco and Luca Casagrande and Sarah L. Casewell and Santi Cassisi and Marco Castellani and Matthieu Castro and Claude Catala and Irene Catalán Fernández and Márcio Catelan and Heather Cegla and Chiara Cerruti and Virginie Cessa and Merieme Chadid and William Chaplin and Stephane Charpinet and Cristina Chiappini and Simone Chiarucci and Andrea Chiavassa and Simonetta Chinellato and Giovanni Chirulli and Jørgen Christensen-Dalsgaard and Ross Church and Antonio Claret and Cathie Clarke and Riccardo Claudi and Lionel Clermont and Hugo Coelho and Joao Coelho and Fabrizio Cogato and Josep Colomé and Mathieu Condamin and Fernando Conde García and Simon Conseil and Thierry Corbard and Alexandre C. M. Correia and Enrico Corsaro and Rosario Cosentino and Jean Costes and Andrea Cottinelli and Giovanni Covone and Orlagh L. Creevey and Aurelien Crida and Szilard Csizmadia and Margarida Cunha and Patrick Curry and Jefferson da Costa and Francys da Silva and Shweta Dalal and Mario Damasso and Cilia Damiani and Francesco Damiani and Maria Liduina das Chagas and Melvyn Davies and Guy Davies and Ben Davies and Gary Davison and Leandro de Almeida and Francesca de Angeli and Susana Cristina Cabral de Barros and Izan de Castro Leão and Daniel Brito de Freitas and Marcia Cristina de Freitas and Domitilla De Martino and José Renan de Medeiros and Luiz Alberto de Paula and Álvaro de Pedraza Gómez and Jelle de Plaa and Joris De Ridder and Morgan Deal and Leen Decin and Hans Deeg and Scilla Degl Innocenti and Sebastien Deheuvels and Carlos del Burgo and Fabio Del Sordo and Elisa Delgado-Mena and Olivier Demangeon and Tilmann Denk and Aliz Derekas and Jean-Michel Desert and Silvano Desidera and Marc Dexet and Marcella Di Criscienzo and Anna Maria Di Giorgio and Maria Pia Di Mauro and Federico Jose Diaz Rial and José-Javier Díaz-García and Marco Dima and Giacomo Dinuzzi and Odysseas Dionatos and Elisa Distefano and Jose-Dias do Nascimento Jr. and Albert Domingo and Valentina D'Orazi and Caroline Dorn and Lauren Doyle and Elena Duarte and Florent Ducellier and Luc Dumaye and Xavier Dumusque and Marc-Antoine Dupret and Patrick Eggenberger and David Ehrenreich and Philipp Eigmüller and Johannes Eising and Marcelo Emilio and Kjell Eriksson and Marco Ermocida and Riano Isidoro Escate Giribaldi and Yoshi Eschen and Lucía Espinosa Yá ez and In s Estrela and Dafydd Wyn Evans and Damian Fabbian and Michele Fabrizio and João Pedro Faria and Maria Farina and Jacopo Farinato and Dax Feliz and Sofia Feltzing and Thomas Fenouillet and Miguel Fernández and Lorenza Ferrari and Sylvio Ferraz-Mello and Fabio Fialho and Agnes Fienga and Pedro Figueira and Laura Fiori and Ettore Flaccomio and Mauro Focardi and Steve Foley and Jean Fontignie and Dominic Ford and Karin Fornazier and Thierry Forveille and Luca Fossati and Rodrigo de Marca Franca and Lucas Franco da Silva and Antonio Frasca and Malcolm Fridlund and Marco Furlan and Sarah-Maria Gabler and Marco Gaido and Andrew Gallagher and Paloma I. Gallego Sempere and Emanuele Galli and Rafael A. García and Antonio García Hernández and Antonio Garcia Munoz and Hugo García-Vázquez and Rafael Garrido Haba and Patrick Gaulme and Nicolas Gauthier and Charlotte Gehan and Matthew Gent and Iskra Georgieva and Mauro Ghigo and Edoardo Giana and Samuel Gill and Leo Girardi and Silvia Giuliatti Winter and Giovanni Giusi and João Gomes da Silva and Luis Jorge Gómez Zazo and Juan Manuel Gomez-Lopez and Jonay Isai González Hernández and Kevin Gonzalez Murillo and Alejandro Gonzalo Melchor and Nicolas Gorius and Pierre-Vincent Gouel and Duncan Goulty and Valentina Granata and John Lee Grenfell and Denis Grie bach and Emmanuel Grolleau and Salomé Grouffal and Sascha Grziwa and Mario Giuseppe Guarcello and Lo c Gueguen and Eike Wolf Guenther and Terrasa Guilhem and Lucas Guillerot and Tristan Guillot and Pierre Guiot and Pascal Guterman and Antonio Gutiérrez and Fernando Gutiérrez-Canales and Janis Hagelberg and Jonas Haldemann and Cassandra Hall and Rasmus Handberg and Ian Harrison and Diana L. Harrison and Johann Hasiba and Carole A. Haswell and Petra Hatalova and Artie Hatzes and Raphaelle Haywood and Guillaume Hébrard and Frank Heckes and Ulrike Heiter and Saskia Hekker and René Heller and Christiane Helling and Krzysztof Helminiak and Simon Hemsley and Kevin Heng and Konstantin Herbst and Aline Hermans and JJ Hermes and Nadia Hidalgo Torres and Natalie Hinkel and David Hobbs and Simon Hodgkin and Karl Hofmann and Saeed Hojjatpanah and Günter Houdek and Daniel Huber and Joseph Huesler and Alain Hui-Bon-Hoa and Rik Huygen and Duc-Dat Huynh and Nicolas Iro and Jonathan Irwin and Mike Irwin and André Izidoro and Sophie Jacquinod and Nicholas Emborg Jannsen and Markus Janson and Harald Jeszenszky and Chen Jiang and Antonio José Jimenez Mancebo and Paula Jofre and Anders Johansen and Cole Johnston and Geraint Jones and Thomas Kallinger and Szilárd Kálmán and Thomas Kanitz and Marie Karjalainen and Raine Karjalainen and Christoffer Karoff and Steven Kawaler and Daisuke Kawata and Arnoud Keereman and David Keiderling and Tom Kennedy and Matthew Kenworthy and Franz Kerschbaum and Mark Kidger and Flavien Kiefer and Christian Kintziger and Kristina Kislyakova and László Kiss and Peter Klagyivik and Hubert Klahr and Jonas Klevas and Oleg Kochukhov and Ulrich Köhler and Ulrich Kolb and Alexander Koncz and Judith Korth and Nadiia Kostogryz and Gábor Kovács and József Kovács and Oleg Kozhura and Natalie Krivova and Arunas Kucinskas and Ilyas Kuhlemann and Friedrich Kupka and Wouter Laauwen and Alvaro Labiano and Nadege Lagarde and Philippe Laget and Gunter Laky and Kristine Wai Fun Lam and Michiel Lambrechts and Helmut Lammer and Antonino Francesco Lanza and Alessandro Lanzafame and Mariel Lares Martiz and Jacques Laskar and Henrik Latter and Tony Lavanant and Alastair Lawrenson and Cecilia Lazzoni and Agnes Lebre and Yveline Lebreton and Alain Lecavelier des Etangs and Katherine Lee and Zoe Leinhardt and Adrien Leleu and Monika Lendl and Giuseppe Leto and Yves Levillain and Anne-Sophie Libert and Tim Lichtenberg and Roxanne Ligi and Francois Lignieres and Jorge Lillo-Box and Jeffrey Linsky and John Scige Liu and Dominik Loidolt and Yuying Longval and Ilídio Lopes and Andrea Lorenzani and Hans-Guenter Ludwig and Mikkel Lund and Mia Sloth Lundkvist and Xavier Luri and Carla Maceroni and Sean Madden and Nikku Madhusudhan and Antonio Maggio and Christian Magliano and Demetrio Magrin and Laurent Mahy and Olaf Maibaum and LeeRoy Malac-Allain and Jean-Christophe Malapert and Luca Malavolta and Jesus Maldonado and Elena Mamonova and Louis Manchon and Andres Manjón and Andrew Mann and Giacomo Mantovan and Luca Marafatto and Marcella Marconi and Rosemary Mardling and Paola Marigo and Silvia Marinoni and rico Marques and Joao Pedro Marques and Paola Maria Marrese and Douglas Marshall and Silvia Martínez Perales and David Mary and Francesco Marzari and Eduard Masana and Andrina Mascher and Stéphane Mathis and Savita Mathur and Iris Martín Vodopivec and Ana Carolina Mattiuci Figueiredo and Pierre F. L. Maxted and Tsevi Mazeh and Stephane Mazevet and Francesco Mazzei and James McCormac and Paul McMillan and Lucas Menou and Thibault Merle and Farzana Meru and Dino Mesa and Sergio Messina and Szabolcs Mészáros and Nadége Meunier and Jean-Charles Meunier and Giuseppina Micela and Harald Michaelis and Eric Michel and Mathias Michielsen and Tatiana Michtchenko and Andrea Miglio and Yamila Miguel and David Milligan and Giovanni Mirouh and Morgan Mitchell and Nuno Moedas and Francesca Molendini and László Molnár and Joey Mombarg and Josefina Montalban and Marco Montalto and Mário J. P. F. G. Monteiro and Francisco Montoro Sánchez and Juan Carlos Morales and Maria Morales-Calderon and Alessandro Morbidelli and Christoph Mordasini and Chrystel Moreau and Thierry Morel and Guiseppe Morello and Julien Morin and Annelies Mortier and Beno t Mosser and Denis Mourard and Olivier Mousis and Claire Moutou and Nami Mowlavi and Andrés Moya and Prisca Muehlmann and Philip Muirhead and Matteo Munari and Ilaria Musella and Alexander James Mustill and Nicolas Nardetto and Domenico Nardiello and Norio Narita and Valerio Nascimbeni and Anna Nash and Coralie Neiner and Richard P. Nelson and Nadine Nettelmann and Gianalfredo Nicolini and Martin Nielsen and Sami-Matias Niemi and Lena Noack and Arlette Noels-Grotsch and Anthony Noll and Azib Norazman and Andrew J. Norton and Benard Nsamba and Aviv Ofir and Gordon Ogilvie and Terese Olander and Christian Olivetto and Göran Olofsson and Joel Ong and Sergio Ortolani and Mahmoudreza Oshagh and Harald Ottacher and Roland Ottensamer and Rhita-Maria Ouazzani and Sijme-Jan Paardekooper and Emanuele Pace and Miriam Pajas and Ana Palacios and Gaelle Palandri and Enric Palle and Carsten Paproth and Vanderlei Parro and Hannu Parviainen and Javier Pascual Granado and Vera Maria Passegger and Carmen Pastor-Morales and Martin Pätzold and May Gade Pedersen and David Pena Hidalgo and Francesco Pepe and Filipe Pereira and Carina M. Persson and Martin Pertenais and Gisbert Peter and Antoine C. Petit and Pascal Petit and Stefania Pezzuto and Gabriele Pichierri and Adriano Pietrinferni and Fernando Pinheiro and Marc Pinsonneault and Emese Plachy and Philippe Plasson and Bertrand Plez and Katja Poppenhaeger and Ennio Poretti and Elisa Portaluri and Jordi Portell and Gustavo Frederico Porto de Mello and Julien Poyatos and Francisco J. Pozuelos and Pier Giorgio Prada Moroni and Dumitru Pricopi and Loredana Prisinzano and Matthias Quade and Andreas Quirrenbach and Julio Arturo Rabanal Reina and Maria Cristina Rabello Soares and Gabriella Raimondo and Monica Rainer and Jose Ramón Rodón and Alejandro Ramón-Ballesta and Gonzalo Ramos Zapata and Stefanie Rätz and Christoph Rauterberg and Bob Redman and Ronald Redmer and Daniel Reese and Sara Regibo and Ansgar Reiners and Timo Reinhold and Christian Renie and Ignasi Ribas and Sergio Ribeiro and Thiago Pereira Ricciardi and Ken Rice and Olivier Richard and Marco Riello and Michel Rieutord and Vincenzo Ripepi and Guy Rixon and Steve Rockstein and José Ramón Rodón Ortiz and María Teresa Rodrigo Rodríguez and Alberto Rodríguez Amor and Luisa Fernanda Rodríguez Díaz and Juan Pablo Rodriguez Garcia and Julio Rodriguez-Gomez and Yannick Roehlly and Fernando Roig and Bárbara Rojas-Ayala and Tobias Rolf and Jakob Lysgaard Rørsted and Hugo Rosado and Giovanni Rosotti and Olivier Roth and Markus Roth and Alex Rousseau and Ian Roxburgh and Fabrice Roy and Pierre Royer and Kirk Ruane and Sergio Rufini Mastropasqua and Claudia Ruiz de Galarreta and Andrea Russi and Steven Saar and Melaine Saillenfest and Maurizio Salaris and Sebastien Salmon and Ippocratis Saltas and Réza Samadi and Aunia Samadi and Dominic Samra and Tiago Sanches da Silva and Miguel Andrés Sánchez Carrasco and Alexandre Santerne and Amaia Santiago Pé and Francesco Santoli and ngela R. G. Santos and Rosario Sanz Mesa and Luis Manuel Sarro and Gaetano Scandariato and Martin Schäfer and Edward Schlafly and François-Xavier Schmider and Jean Schneider and Jesper Schou and Hannah Schunker and Gabriel Jörg Schwarzkopf and Aldo Serenelli and Dries Seynaeve and Yutong Shan and Alexander Shapiro and Russel Shipman and Daniela Sicilia and Maria Angeles Sierra sanmartin and Axelle Sigot and Kyle Silliman and Roberto Silvotti and Attila E. Simon and Ricardo Simoyama Napoli and Marek Skarka and Barry Smalley and Rodolfo Smiljanic and Samuel Smit and Alexis Smith and Leigh Smith and Ignas Snellen and Ádám Sódor and Frank Sohl and Sami K. Solanki and Francesca Sortino and Sérgio Sousa and John Southworth and Diogo Souto and Alessandro Sozzetti and Dimitris Stamatellos and Keivan Stassun and Manfred Steller and Dennis Stello and Beate Stelzer and Ulrike Stiebeler and Amalie Stokholm and Trude Storelvmo and Klaus Strassmeier and Paul Anthony Strøm and Antoine Strugarek and Sophia Sulis and Michal vanda and László Szabados and Róbert Szabó and Gyula M. Szabó and Ewa Szuszkiewicz and Geert Jan Talens and Daniele Teti and Tom Theisen and Frédéric Thévenin and Anne Thoul and Didier Tiphene and Ruth Titz-Weider and Andrew Tkachenko and Daniel Tomecki and Jorge Tonfat and Nicola Tosi and Regner Trampedach and Gregor Traven and Amaury Triaud and Reidar Trønnes and Maria Tsantaki and Matthias Tschentscher and Arnaud Turin and Adam Tvaruzka and Bernd Ulmer and Solène Ulmer-Moll and Ceren Ulusoy and Gabriele Umbriaco and Diana Valencia and Marica Valentini and Adriana Valio and Ángel Luis Valverde Guijarro and Vincent Van Eylen and Valerie Van Grootel and Tim A. van Kempen and Timothy Van Reeth and Iris Van Zelst and Bart Vandenbussche and Konstantinos Vasiliou and Valeriy Vasilyev and David Vaz de Mascarenhas and Allona Vazan and Marina Vela Nunez and Eduardo Nunes Velloso and Rita Ventura and Paolo Ventura and Julia Venturini and Isabel Vera Trallero and Dimitri Veras and Eva Verdugo and Kuldeep Verma and Didier Vibert and Tobias Vicanek Martinez and Krisztián Vida and Arthur Vigan and Antonio Villacorta and Eva Villaver and Marcos Villaverde Aparicio and Valentina Viotto and Eduard Vorobyov and Sergey Vorontsov and Frank W. Wagner and Thomas Walloschek and Nicholas Walton and Dave Walton and Haiyang Wang and Rens Waters and Christopher Watson and Sven Wedemeyer and Angharad Weeks and Jörg Weingrill and Annita Weiss and Belinda Wendler and Richard West and Karsten Westerdorff and Pierre-Amaury Westphal and Peter Wheatley and Tim White and Amadou Whittaker and Kai Wickhusen and Thomas Wilson and James Windsor and Othon Winter and Mark Lykke Winther and Alistair Winton and Ulrike Witteck and Veronika Witzke and Peter Woitke and David Wolter and Günther Wuchterl and Mark Wyatt and Dan Yang and Jie Yu and Ricardo Zanmar Sanchez and María Rosa Zapatero Osorio and Mathias Zechmeister and Yixiao Zhou and Claas Ziemke and Konstanze Zwintz},
      year={2024},
      eprint={2406.05447},
      archivePrefix={arXiv},
      primaryClass={astro-ph.IM},
      url={https://arxiv.org/abs/2406.05447}, 
}

@article{Claret22,
	author = {{Claret, A.} and {Southworth, J.}},
	title = {Power-2 limb-darkening coefficients for the uvby, UBVRIJHK, SDSS ugriz, Gaia, Kepler, and TESS photometric systems - I. ATLAS stellar atmosphere models},
	DOI= "10.1051/0004-6361/202243827",
	url= "https://doi.org/10.1051/0004-6361/202243827",
	journal = {A\&A},
	year = 2022,
	volume = 664,
	pages = "A128",
}

@misc{Mamajek22,
  author = {{Mamajek}, Eric},
  title = {A Modern Mean Dwarf Stellar Color and Effective Temperature Sequence},
  year = {2022},
  url = {https://www.pas.rochester.edu/~emamajek/EEM_dwarf_UBVIJHK_colors_Teff.txt},
  note = {Accessed: 2025-02-02}
}

@article{Ricker14,
author = {George R. Ricker and Joshua N. Winn and Roland Vanderspek and David W. Latham and G{\'a}sp{\'a}r  {\'A}. Bakos and Jacob L. Bean and Zachory K. Berta-Thompson and Timothy M. Brown and Lars Buchhave and Nathaniel R. Butler and R. Paul Butler and William J. Chaplin and David B. Charbonneau and J{\o}rgen Christensen-Dalsgaard and Mark Clampin and Drake Deming and John P. Doty and Nathan De Lee and Courtney Dressing and Edward W. Dunham and Michael Endl and Fran{\c{c}}ois Fressin and Jian Ge and Thomas Henning and Matthew J. Holman and Andrew W. Howard and Shigeru Ida and Jon M. Jenkins and Garrett Jernigan and John Asher Johnson and Lisa Kaltenegger and Nobuyuki Kawai and Hans Kjeldsen and Gregory Laughlin and Alan M. Levine and Douglas Lin and Jack J. Lissauer and Phillip MacQueen and Geoffrey Marcy and Peter R. McCullough and Timothy D. Morton and Norio Narita and Martin Paegert and Enric Palle and Francesco Pepe and Joshua Pepper and Andreas Quirrenbach and Stephen A. Rinehart and Dimitar Sasselov and Bun’ei Sato and Sara Seager and Alessandro Sozzetti and Keivan G. Stassun and Peter Sullivan and Andrew Szentgyorgyi and Guillermo Torres and Stephane Udry and Joel Villasenor},
title = {{Transiting Exoplanet Survey Satellite}},
volume = {1},
journal = {Journal of Astronomical Telescopes, Instruments, and Systems},
number = {1},
publisher = {SPIE},
pages = {014003},
keywords = {exoplanet, extrasolar planet, photometry, satellite, transits, Stars, Planets, Exoplanets, Space operations, Cameras, Satellites, Charge-coupled devices, James Webb Space Telescope, Space telescopes, Observatories},
year = {2014},
doi = {10.1117/1.JATIS.1.1.014003},
URL = {https://doi.org/10.1117/1.JATIS.1.1.014003}
}

@article{Eschen24,
    author = {Eschen, Yoshi Nike Emilia and Bayliss, Daniel and Wilson, Thomas G and Kunimoto, Michelle and Pelisoli, Ingrid and Rodel, Toby},
    title = {Viewing the PLATO LOPS2 field through the lenses of TESS},
    journal = {Monthly Notices of the Royal Astronomical Society},
    volume = {535},
    number = {2},
    pages = {1778-1795},
    year = {2024},
    month = {10},
    issn = {0035-8711},
    doi = {10.1093/mnras/stae2427},
    url = {https://doi.org/10.1093/mnras/stae2427},
    eprint = {https://academic.oup.com/mnras/article-pdf/535/2/1778/60650411/stae2427.pdf},
}

@article{Nascimbeni22,
	author = {{Nascimbeni, V.} and {Piotto, G.} and {Börner, A.} and {Montalto, M.} and {Marrese, P. M.} and {Cabrera, J.} and {Marinoni, S.} and {Aerts, C.} and {Altavilla, G.} and {Benatti, S.} and {Claudi, R.} and {Deleuil, M.} and {Desidera, S.} and {Fabrizio, M.} and {Gizon, L.} and {Goupil, M. J.} and {Granata, V.} and {Heras, A. M.} and {Magrin, D.} and {Malavolta, L.} and {Mas-Hesse, J. M.} and {Ortolani, S.} and {Pagano, I.} and {Pollacco, D.} and {Prisinzano, L.} and {Ragazzoni, R.} and {Ramsay, G.} and {Rauer, H.} and {Udry, S.}},
	title = {The PLATO field selection process - I. Identification and content of the long-pointing fields},
	DOI= "10.1051/0004-6361/202142256",
	url= "https://doi.org/10.1051/0004-6361/202142256",
	journal = {A&A},
	year = 2022,
	volume = 658,
	pages = "A31",
}

@article{Gaia23,
	author = {{Gaia Collaboration} and {Vallenari, A.} and {Brown, A. G. A.} and {Prusti, T.} and {de Bruijne, J. H. J.} and {Arenou, F.} and {Babusiaux, C.} and {Biermann, M.} and {Creevey, O. L.} and {Ducourant, C.} and {Evans, D. W.} and {Eyer, L.} and {Guerra, R.} and {Hutton, A.} and {Jordi, C.} and {Klioner, S. A.} and {Lammers, U. L.} and {Lindegren, L.} and {Luri, X.} and {Mignard, F.} and {Panem, C.} and {Pourbaix, D.} and {Randich, S.} and {Sartoretti, P.} and {Soubiran, C.} and {Tanga, P.} and {Walton, N. A.} and {Bailer-Jones, C. A. L.} and {Bastian, U.} and {Drimmel, R.} and {Jansen, F.} and {Katz, D.} and {Lattanzi, M. G.} and {van Leeuwen, F.} and {Bakker, J.} and {Cacciari, C.} and {Castañeda, J.} and {De Angeli, F.} and {Fabricius, C.} and {Fouesneau, M.} and {Frémat, Y.} and {Galluccio, L.} and {Guerrier, A.} and {Heiter, U.} and {Masana, E.} and {Messineo, R.} and {Mowlavi, N.} and {Nicolas, C.} and {Nienartowicz, K.} and {Pailler, F.} and {Panuzzo, P.} and {Riclet, F.} and {Roux, W.} and {Seabroke, G. M.} and {Sordo, R.} and {Thévenin, F.} and {Gracia-Abril, G.} and {Portell, J.} and {Teyssier, D.} and {Altmann, M.} and {Andrae, R.} and {Audard, M.} and {Bellas-Velidis, I.} and {Benson, K.} and {Berthier, J.} and {Blomme, R.} and {Burgess, P. W.} and {Busonero, D.} and {Busso, G.} and {Cánovas, H.} and {Carry, B.} and {Cellino, A.} and {Cheek, N.} and {Clementini, G.} and {Damerdji, Y.} and {Davidson, M.} and {de Teodoro, P.} and {Nuñez Campos, M.} and {Delchambre, L.} and {Dell’Oro, A.} and {Esquej, P.} and {Fernández-Hernández, J.} and {Fraile, E.} and {Garabato, D.} and {García-Lario, P.} and {Gosset, E.} and {Haigron, R.} and {Halbwachs, J.-L.} and {Hambly, N. C.} and {Harrison, D. L.} and {Hernández, J.} and {Hestroffer, D.} and {Hodgkin, S. T.} and {Holl, B.} and {Janßen, K.} and {Jevardat de Fombelle, G.} and {Jordan, S.} and {Krone-Martins, A.} and {Lanzafame, A. C.} and {Löffler, W.} and {Marchal, O.} and {Marrese, P. M.} and {Moitinho, A.} and {Muinonen, K.} and {Osborne, P.} and {Pancino, E.} and {Pauwels, T.} and {Recio-Blanco, A.} and {Reylé, C.} and {Riello, M.} and {Rimoldini, L.} and {Roegiers, T.} and {Rybizki, J.} and {Sarro, L. M.} and {Siopis, C.} and {Smith, M.} and {Sozzetti, A.} and {Utrilla, E.} and {van Leeuwen, M.} and {Abbas, U.} and {Ábrahám, P.} and {Abreu Aramburu, A.} and {Aerts, C.} and {Aguado, J. J.} and {Ajaj, M.} and {Aldea-Montero, F.} and {Altavilla, G.} and {Álvarez, M. A.} and {Alves, J.} and {Anders, F.} and {Anderson, R. I.} and {Anglada Varela, E.} and {Antoja, T.} and {Baines, D.} and {Baker, S. G.} and {Balaguer-Núñez, L.} and {Balbinot, E.} and {Balog, Z.} and {Barache, C.} and {Barbato, D.} and {Barros, M.} and {Barstow, M. A.} and {Bartolomé, S.} and {Bassilana, J.-L.} and {Bauchet, N.} and {Becciani, U.} and {Bellazzini, M.} and {Berihuete, A.} and {Bernet, M.} and {Bertone, S.} and {Bianchi, L.} and {Binnenfeld, A.} and {Blanco-Cuaresma, S.} and {Blazere, A.} and {Boch, T.} and {Bombrun, A.} and {Bossini, D.} and {Bouquillon, S.} and {Bragaglia, A.} and {Bramante, L.} and {Breedt, E.} and {Bressan, A.} and {Brouillet, N.} and {Brugaletta, E.} and {Bucciarelli, B.} and {Burlacu, A.} and {Butkevich, A. G.} and {Buzzi, R.} and {Caffau, E.} and {Cancelliere, R.} and {Cantat-Gaudin, T.} and {Carballo, R.} and {Carlucci, T.} and {Carnerero, M. I.} and {Carrasco, J. M.} and {Casamiquela, L.} and {Castellani, M.} and {Castro-Ginard, A.} and {Chaoul, L.} and {Charlot, P.} and {Chemin, L.} and {Chiaramida, V.} and {Chiavassa, A.} and {Chornay, N.} and {Comoretto, G.} and {Contursi, G.} and {Cooper, W. J.} and {Cornez, T.} and {Cowell, S.} and {Crifo, F.} and {Cropper, M.} and {Crosta, M.} and {Crowley, C.} and {Dafonte, C.} and {Dapergolas, A.} and {David, M.} and {David, P.} and {de Laverny, P.} and {De Luise, F.} and {De March, R.} and {De Ridder, J.} and {de Souza, R.} and {de Torres, A.} and {del Peloso, E. F.} and {del Pozo, E.} and {Delbo, M.} and {Delgado, A.} and {Delisle, J.-B.} and {Demouchy, C.} and {Dharmawardena, T. E.} and {Di Matteo, P.} and {Diakite, S.} and {Diener, C.} and {Distefano, E.} and {Dolding, C.} and {Edvardsson, B.} and {Enke, H.} and {Fabre, C.} and {Fabrizio, M.} and {Faigler, S.} and {Fedorets, G.} and {Fernique, P.} and {Fienga, A.} and {Figueras, F.} and {Fournier, Y.} and {Fouron, C.} and {Fragkoudi, F.} and {Gai, M.} and {Garcia-Gutierrez, A.} and {Garcia-Reinaldos, M.} and {García-Torres, M.} and {Garofalo, A.} and {Gavel, A.} and {Gavras, P.} and {Gerlach, E.} and {Geyer, R.} and {Giacobbe, P.} and {Gilmore, G.} and {Girona, S.} and {Giuffrida, G.} and {Gomel, R.} and {Gomez, A.} and {González-Núñez, J.} and {González-Santamaría, I.} and {González-Vidal, J. J.} and {Granvik, M.} and {Guillout, P.} and {Guiraud, J.} and {Gutiérrez-Sánchez, R.} and {Guy, L. P.} and {Hatzidimitriou, D.} and {Hauser, M.} and {Haywood, M.} and {Helmer, A.} and {Helmi, A.} and {Sarmiento, M. H.} and {Hidalgo, S. L.} and {Hilger, T.} and {Hładczuk, N.} and {Hobbs, D.} and {Holland, G.} and {Huckle, H. E.} and {Jardine, K.} and {Jasniewicz, G.} and {Jean-Antoine Piccolo, A.} and {Jiménez-Arranz, Ó.} and {Jorissen, A.} and {Juaristi Campillo, J.} and {Julbe, F.} and {Karbevska, L.} and {Kervella, P.} and {Khanna, S.} and {Kontizas, M.} and {Kordopatis, G.} and {Korn, A. J.} and {Kóspál, Á} and {Kostrzewa-Rutkowska, Z.} and {Kruszyńska, K.} and {Kun, M.} and {Laizeau, P.} and {Lambert, S.} and {Lanza, A. F.} and {Lasne, Y.} and {Le Campion, J.-F.} and {Lebreton, Y.} and {Lebzelter, T.} and {Leccia, S.} and {Leclerc, N.} and {Lecoeur-Taibi, I.} and {Liao, S.} and {Licata, E. L.} and {Lindstrøm, H. E. P.} and {Lister, T. A.} and {Livanou, E.} and {Lobel, A.} and {Lorca, A.} and {Loup, C.} and {Madrero Pardo, P.} and {Magdaleno Romeo, A.} and {Managau, S.} and {Mann, R. G.} and {Manteiga, M.} and {Marchant, J. M.} and {Marconi, M.} and {Marcos, J.} and {Marcos Santos, M. M. S.} and {Marín Pina, D.} and {Marinoni, S.} and {Marocco, F.} and {Marshall, D. J.} and {Martin Polo, L.} and {Martín-Fleitas, J. M.} and {Marton, G.} and {Mary, N.} and {Masip, A.} and {Massari, D.} and {Mastrobuono-Battisti, A.} and {Mazeh, T.} and {McMillan, P. J.} and {Messina, S.} and {Michalik, D.} and {Millar, N. R.} and {Mints, A.} and {Molina, D.} and {Molinaro, R.} and {Molnár, L.} and {Monari, G.} and {Monguió, M.} and {Montegriffo, P.} and {Montero, A.} and {Mor, R.} and {Mora, A.} and {Morbidelli, R.} and {Morel, T.} and {Morris, D.} and {Muraveva, T.} and {Murphy, C. P.} and {Musella, I.} and {Nagy, Z.} and {Noval, L.} and {Ocaña, F.} and {Ogden, A.} and {Ordenovic, C.} and {Osinde, J. O.} and {Pagani, C.} and {Pagano, I.} and {Palaversa, L.} and {Palicio, P. A.} and {Pallas-Quintela, L.} and {Panahi, A.} and {Payne-Wardenaar, S.} and {Peñalosa Esteller, X.} and {Penttilä, A.} and {Pichon, B.} and {Piersimoni, A. M.} and {Pineau, F.-X.} and {Plachy, E.} and {Plum, G.} and {Poggio, E.} and {Prša, A.} and {Pulone, L.} and {Racero, E.} and {Ragaini, S.} and {Rainer, M.} and {Raiteri, C. M.} and {Rambaux, N.} and {Ramos, P.} and {Ramos-Lerate, M.} and {Re Fiorentin, P.} and {Regibo, S.} and {Richards, P. J.} and {Rios Diaz, C.} and {Ripepi, V.} and {Riva, A.} and {Rix, H.-W.} and {Rixon, G.} and {Robichon, N.} and {Robin, A. C.} and {Robin, C.} and {Roelens, M.} and {Rogues, H. R. O.} and {Rohrbasser, L.} and {Romero-Gómez, M.} and {Rowell, N.} and {Royer, F.} and {Ruz Mieres, D.} and {Rybicki, K. A.} and {Sadowski, G.} and {Sáez Núñez, A.} and {Sagristà Sellés, A.} and {Sahlmann, J.} and {Salguero, E.} and {Samaras, N.} and {Sanchez Gimenez, V.} and {Sanna, N.} and {Santoveña, R.} and {Sarasso, M.} and {Schultheis, M.} and {Sciacca, E.} and {Segol, M.} and {Segovia, J. C.} and {Ségransan, D.} and {Semeux, D.} and {Shahaf, S.} and {Siddiqui, H. I.} and {Siebert, A.} and {Siltala, L.} and {Silvelo, A.} and {Slezak, E.} and {Slezak, I.} and {Smart, R. L.} and {Snaith, O. N.} and {Solano, E.} and {Solitro, F.} and {Souami, D.} and {Souchay, J.} and {Spagna, A.} and {Spina, L.} and {Spoto, F.} and {Steele, I. A.} and {Steidelmüller, H.} and {Stephenson, C. A.} and {Süveges, M.} and {Surdej, J.} and {Szabados, L.} and {Szegedi-Elek, E.} and {Taris, F.} and {Taylor, M. B.} and {Teixeira, R.} and {Tolomei, L.} and {Tonello, N.} and {Torra, F.} and {Torra, J.} and {Torralba Elipe, G.} and {Trabucchi, M.} and {Tsounis, A. T.} and {Turon, C.} and {Ulla, A.} and {Unger, N.} and {Vaillant, M. V.} and {van Dillen, E.} and {van Reeven, W.} and {Vanel, O.} and {Vecchiato, A.} and {Viala, Y.} and {Vicente, D.} and {Voutsinas, S.} and {Weiler, M.} and {Wevers, T.} and {Wyrzykowski, Ł.} and {Yoldas, A.} and {Yvard, P.} and {Zhao, H.} and {Zorec, J.} and {Zucker, S.} and {Zwitter, T.}},
	title = {Gaia Data Release 3 - Summary of the content and survey properties},
	DOI= "10.1051/0004-6361/202243940",
	url= "https://doi.org/10.1051/0004-6361/202243940",
	journal = {A\&A},
	year = 2023,
	volume = 674,
	pages = "A1",
}

@book{ESA17,
	author = {Conny Aerts and Magali Deleuil and Laurent Gizon and {Goupil, Marie-Jo} and {Mas-Hesse, J. Miguel} and Giampaolo Piotto and Don Pollacco and Roberto Ragazzoni and Heike Rauer and St\'{e}phane Udry },
	date-added = {2025-02-13 15:57:51 +0000},
	date-modified = {2025-02-13 17:14:15 +0000},
	publisher = {European Space Agency},
	series = {ESA-SCI(2017)1},
	title = {PLATO Definition Study Report},
	year = {2017},
	url = {https://sci.esa.int/s/8rPyPew}}

@article{Dotter16,
doi = {10.3847/0067-0049/222/1/8},
url = {https://dx.doi.org/10.3847/0067-0049/222/1/8},
year = {2016},
month = {jan},
publisher = {The American Astronomical Society},
volume = {222},
number = {1},
pages = {8},
author = {Dotter, Aaron},
title = {MESA ISOCHRONES AND STELLAR TRACKS (MIST) 0: METHODS FOR THE CONSTRUCTION OF STELLAR ISOCHRONES},
journal = {The Astrophysical Journal Supplement Series},
abstract = {I describe a method to transform a set of stellar evolution tracks onto a uniform basis and then interpolate within that basis to construct stellar isochrones. This method accommodates a broad range of stellar types, from substellar objects to high-mass stars, and phases of evolution, from the pre-main sequence to the white dwarf cooling sequence. I discuss situations in which stellar physics leads to departures from the otherwise monotonic relation between initial stellar mass and lifetime, and how these may be dealt with in isochrone construction. I close with convergence tests and recommendations for the number of points in the uniform basis and the mass between tracks in the original grid required to achieve a certain level accuracy in the resulting isochrones. The programs that implement these methods are free and open-source; they may be obtained from the project webpage.1}
}

@article{Choi16,
doi = {10.3847/0004-637X/823/2/102},
url = {https://dx.doi.org/10.3847/0004-637X/823/2/102},
year = {2016},
month = {may},
publisher = {The American Astronomical Society},
volume = {823},
number = {2},
pages = {102},
author = {Choi, Jieun and Dotter, Aaron and Conroy, Charlie and Cantiello, Matteo and Paxton, Bill and Johnson, Benjamin D.},
title = {MESA ISOCHRONES AND STELLAR TRACKS (MIST). I. SOLAR-SCALED MODELS},
journal = {The Astrophysical Journal}
}
@article{Paxton18,
doi = {10.3847/1538-4365/aaa5a8},
url = {https://dx.doi.org/10.3847/1538-4365/aaa5a8},
year = {2018},
month = {feb},
publisher = {The American Astronomical Society},
volume = {234},
number = {2},
pages = {34},
author = {Paxton, Bill and Schwab, Josiah and Bauer, Evan B. and Bildsten, Lars and Blinnikov, Sergei and Duffell, Paul and Farmer, R. and Goldberg, Jared A. and Marchant, Pablo and Sorokina, Elena and Thoul, Anne and Townsend, Richard H. D. and Timmes, F. X.},
title = {Modules for Experiments in Stellar Astrophysics ({\mathtt{M}}{\mathtt{E}}{\mathtt{S}}{\mathtt{A}}): Convective Boundaries, Element Diffusion, and Massive Star Explosions},
journal = {The Astrophysical Journal Supplement Series},
}
@article{Gaia18,
	author = {{Gaia Collaboration} and {Babusiaux, C.} and {van Leeuwen, F.} and {Barstow, M. A.} and {Jordi, C.} and {Vallenari, A.} and {Bossini, D.} and {Bressan, A.} and {Cantat-Gaudin, T.} and {van Leeuwen, M.} and {Brown, A. G. A.} and {Prusti, T.} and {de Bruijne, J. H. J.} and {Bailer-Jones, C. A. L.} and {Biermann, M.} and {Evans, D. W.} and {Eyer, L.} and {Jansen, F.} and {Klioner, S. A.} and {Lammers, U.} and {Lindegren, L.} and {Luri, X.} and {Mignard, F.} and {Panem, C.} and {Pourbaix, D.} and {Randich, S.} and {Sartoretti, P.} and {Siddiqui, H. I.} and {Soubiran, C.} and {Walton, N. A.} and {Arenou, F.} and {Bastian, U.} and {Cropper, M.} and {Drimmel, R.} and {Katz, D.} and {Lattanzi, M. G.} and {Bakker, J.} and {Cacciari, C.} and {Castañeda, J.} and {Chaoul, L.} and {Cheek, N.} and {De Angeli, F.} and {Fabricius, C.} and {Guerra, R.} and {Holl, B.} and {Masana, E.} and {Messineo, R.} and {Mowlavi, N.} and {Nienartowicz, K.} and {Panuzzo, P.} and {Portell, J.} and {Riello, M.} and {Seabroke, G. M.} and {Tanga, P.} and {Thévenin, F.} and {Gracia-Abril, G.} and {Comoretto, G.} and {Garcia-Reinaldos, M.} and {Teyssier, D.} and {Altmann, M.} and {Andrae, R.} and {Audard, M.} and {Bellas-Velidis, I.} and {Benson, K.} and {Berthier, J.} and {Blomme, R.} and {Burgess, P.} and {Busso, G.} and {Carry, B.} and {Cellino, A.} and {Clementini, G.} and {Clotet, M.} and {Creevey, O.} and {Davidson, M.} and {De Ridder, J.} and {Delchambre, L.} and {Dell’Oro, A.} and {Ducourant, C.} and {Fernández-Hernández, J.} and {Fouesneau, M.} and {Frémat, Y.} and {Galluccio, L.} and {García-Torres, M.} and {González-Núñez, J.} and {González-Vidal, J. J.} and {Gosset, E.} and {Guy, L. P.} and {Halbwachs, J.-L.} and {Hambly, N. C.} and {Harrison, D. L.} and {Hernández, J.} and {Hestroffer, D.} and {Hodgkin, S. T.} and {Hutton, A.} and {Jasniewicz, G.} and {Jean-Antoine-Piccolo, A.} and {Jordan, S.} and {Korn, A. J.} and {Krone-Martins, A.} and {Lanzafame, A. C.} and {Lebzelter, T.} and {Löffler, W.} and {Manteiga, M.} and {Marrese, P. M.} and {Martín-Fleitas, J. M.} and {Moitinho, A.} and {Mora, A.} and {Muinonen, K.} and {Osinde, J.} and {Pancino, E.} and {Pauwels, T.} and {Petit, J.-M.} and {Recio-Blanco, A.} and {Richards, P. J.} and {Rimoldini, L.} and {Robin, A. C.} and {Sarro, L. M.} and {Siopis, C.} and {Smith, M.} and {Sozzetti, A.} and {Süveges, M.} and {Torra, J.} and {van Reeven, W.} and {Abbas, U.} and {Abreu Aramburu, A.} and {Accart, S.} and {Aerts, C.} and {Altavilla, G.} and {Álvarez, M. A.} and {Alvarez, R.} and {Alves, J.} and {Anderson, R. I.} and {Andrei, A. H.} and {Anglada Varela, E.} and {Antiche, E.} and {Antoja, T.} and {Arcay, B.} and {Astraatmadja, T. L.} and {Bach, N.} and {Baker, S. G.} and {Balaguer-Núñez, L.} and {Balm, P.} and {Barache, C.} and {Barata, C.} and {Barbato, D.} and {Barblan, F.} and {Barklem, P. S.} and {Barrado, D.} and {Barros, M.} and {Bartholomé Muñoz, L.} and {Bassilana, J.-L.} and {Becciani, U.} and {Bellazzini, M.} and {Berihuete, A.} and {Bertone, S.} and {Bianchi, L.} and {Bienaymé, O.} and {Blanco-Cuaresma, S.} and {Boch, T.} and {Boeche, C.} and {Bombrun, A.} and {Borrachero, R.} and {Bouquillon, S.} and {Bourda, G.} and {Bragaglia, A.} and {Bramante, L.} and {Breddels, M. A.} and {Brouillet, N.} and {Brüsemeister, T.} and {Brugaletta, E.} and {Bucciarelli, B.} and {Burlacu, A.} and {Busonero, D.} and {Butkevich, A. G.} and {Buzzi, R.} and {Caffau, E.} and {Cancelliere, R.} and {Cannizzaro, G.} and {Carballo, R.} and {Carlucci, T.} and {Carrasco, J. M.} and {Casamiquela, L.} and {Castellani, M.} and {Castro-Ginard, A.} and {Charlot, P.} and {Chemin, L.} and {Chiavassa, A.} and {Cocozza, G.} and {Costigan, G.} and {Cowell, S.} and {Crifo, F.} and {Crosta, M.} and {Crowley, C.} and {Cuypers, J.} and {Dafonte, C.} and {Damerdji, Y.} and {Dapergolas, A.} and {David, P.} and {David, M.} and {de Laverny, P.} and {De Luise, F.} and {De March, R.} and {de Martino, D.} and {de Souza, R.} and {de Torres, A.} and {Debosscher, J.} and {del Pozo, E.} and {Delbo, M.} and {Delgado, A.} and {Delgado, H. E.} and {Diakite, S.} and {Diener, C.} and {Distefano, E.} and {Dolding, C.} and {Drazinos, P.} and {Durán, J.} and {Edvardsson, B.} and {Enke, H.} and {Eriksson, K.} and {Esquej, P.} and {Eynard Bontemps, G.} and {Fabre, C.} and {Fabrizio, M.} and {Faigler, S.} and {Falcão, A. J.} and {Farràs Casas, M.} and {Federici, L.} and {Fedorets, G.} and {Fernique, P.} and {Figueras, F.} and {Filippi, F.} and {Findeisen, K.} and {Fonti, A.} and {Fraile, E.} and {Fraser, M.} and {Frézouls, B.} and {Gai, M.} and {Galleti, S.} and {Garabato, D.} and {García-Sedano, F.} and {Garofalo, A.} and {Garralda, N.} and {Gavel, A.} and {Gavras, P.} and {Gerssen, J.} and {Geyer, R.} and {Giacobbe, P.} and {Gilmore, G.} and {Girona, S.} and {Giuffrida, G.} and {Glass, F.} and {Gomes, M.} and {Granvik, M.} and {Gueguen, A.} and {Guerrier, A.} and {Guiraud, J.} and {Gutié, R.} and {Haigron, R.} and {Hatzidimitriou, D.} and {Hauser, M.} and {Haywood, M.} and {Heiter, U.} and {Helmi, A.} and {Heu, J.} and {Hilger, T.} and {Hobbs, D.} and {Hofmann, W.} and {Holland, G.} and {Huckle, H. E.} and {Hypki, A.} and {Icardi, V.} and {Janßen, K.} and {Jevardat de Fombelle, G.} and {Jonker, P. G.} and {Juhász, Á. L.} and {Julbe, F.} and {Karampelas, A.} and {Kewley, A.} and {Klar, J.} and {Kochoska, A.} and {Kohley, R.} and {Kolenberg, K.} and {Kontizas, M.} and {Kontizas, E.} and {Koposov, S. E.} and {Kordopatis, G.} and {Kostrzewa-Rutkowska, Z.} and {Koubsky, P.} and {Lambert, S.} and {Lanza, A. F.} and {Lasne, Y.} and {Lavigne, J.-B.} and {Le Fustec, Y.} and {Le Poncin-Lafitte, C.} and {Lebreton, Y.} and {Leccia, S.} and {Leclerc, N.} and {Lecoeur-Taibi, I.} and {Lenhardt, H.} and {Leroux, F.} and {Liao, S.} and {Licata, E.} and {Lindstrøm, H. E. P.} and {Lister, T. A.} and {Livanou, E.} and {Lobel, A.} and {López, M.} and {Managau, S.} and {Mann, R. G.} and {Mantelet, G.} and {Marchal, O.} and {Marchant, J. M.} and {Marconi, M.} and {Marinoni, S.} and {Marschalkó, G.} and {Marshall, D. J.} and {Martino, M.} and {Marton, G.} and {Mary, N.} and {Massari, D.} and {Matijevič, G.} and {Mazeh, T.} and {McMillan, P. J.} and {Messina, S.} and {Michalik, D.} and {Millar, N. R.} and {Molina, D.} and {Molinaro, R.} and {Molnár, L.} and {Montegriffo, P.} and {Mor, R.} and {Morbidelli, R.} and {Morel, T.} and {Morris, D.} and {Mulone, A. F.} and {Muraveva, T.} and {Musella, I.} and {Nelemans, G.} and {Nicastro, L.} and {Noval, L.} and {O’Mullane, W.} and {Ordénovic, C.} and {Ordóñez-Blanco, D.} and {Osborne, P.} and {Pagani, C.} and {Pagano, I.} and {Pailler, F.} and {Palacin, H.} and {Palaversa, L.} and {Panahi, A.} and {Pawlak, M.} and {Piersimoni, A. M.} and {Pineau, F.-X.} and {Plachy, E.} and {Plum, G.} and {Poggio, E.} and {Poujoulet, E.} and {Prša, A.} and {Pulone, L.} and {Racero, E.} and {Ragaini, S.} and {Rambaux, N.} and {Ramos-Lerate, M.} and {Regibo, S.} and {Reylé, C.} and {Riclet, F.} and {Ripepi, V.} and {Riva, A.} and {Rivard, A.} and {Rixon, G.} and {Roegiers, T.} and {Roelens, M.} and {Romero-Gómez, M.} and {Rowell, N.} and {Royer, F.} and {Ruiz-Dern, L.} and {Sadowski, G.} and {Sagristà Sellés, T.} and {Sahlmann, J.} and {Salgado, J.} and {Salguero, E.} and {Sanna, N.} and {Santana-Ros, T.} and {Sarasso, M.} and {Savietto, H.} and {Schultheis, M.} and {Sciacca, E.} and {Segol, M.} and {Segovia, J. C.} and {Ségransan, D.} and {Shih, I-C.} and {Siltala, L.} and {Silva, A. F.} and {Smart, R. L.} and {Smith, K. W.} and {Solano, E.} and {Solitro, F.} and {Sordo, R.} and {Soria Nieto, S.} and {Souchay, J.} and {Spagna, A.} and {Spoto, F.} and {Stampa, U.} and {Steele, I. A.} and {Steidelmüller, H.} and {Stephenson, C. A.} and {Stoev, H.} and {Suess, F. F.} and {Surdej, J.} and {Szabados, L.} and {Szegedi-Elek, E.} and {Tapiador, D.} and {Taris, F.} and {Tauran, G.} and {Taylor, M. B.} and {Teixeira, R.} and {Terrett, D.} and {Teyssandier, P.} and {Thuillot, W.} and {Titarenko, A.} and {Torra Clotet, F.} and {Turon, C.} and {Ulla, A.} and {Utrilla, E.} and {Uzzi, S.} and {Vaillant, M.} and {Valentini, G.} and {Valette, V.} and {van Elteren, A.} and {Van Hemelryck, E.} and {Vaschetto, M.} and {Vecchiato, A.} and {Veljanoski, J.} and {Viala, Y.} and {Vicente, D.} and {Vogt, S.} and {von Essen, C.} and {Voss, H.} and {Votruba, V.} and {Voutsinas, S.} and {Walmsley, G.} and {Weiler, M.} and {Wertz, O.} and {Wevers, T.} and {Wyrzykowski, Ł.} and {Yoldas, A.} and {Žerjal, M.} and {Ziaeepour, H.} and {Zorec, J.} and {Zschocke, S.} and {Zucker, S.} and {Zurbach, C.} and {Zwitter, and T.}},
	title = {Gaia Data Release 2 - Observational Hertzsprung-Russell diagrams},
	DOI= "10.1051/0004-6361/201832843",
	journal = {A\&A},
	year = 2018,
	volume = 616,
	pages = "A10",
}